%-------------------------------------------------------------------------------

% This file is part of Code_Saturne, a general-purpose CFD tool.
%
% Copyright (C) 1998-2011 EDF S.A.
%
% This program is free software; you can redistribute it and/or modify it under
% the terms of the GNU General Public License as published by the Free Software
% Foundation; either version 2 of the License, or (at your option) any later
% version.
%
% This program is distributed in the hope that it will be useful, but WITHOUT
% ANY WARRANTY; without even the implied warranty of MERCHANTABILITY or FITNESS
% FOR A PARTICULAR PURPOSE.  See the GNU General Public License for more
% details.
%
% You should have received a copy of the GNU General Public License along with
% this program; if not, write to the Free Software Foundation, Inc., 51 Franklin
% Street, Fifth Floor, Boston, MA 02110-1301, USA.

%-------------------------------------------------------------------------------

@Article{Archambeau:2004,
title = {\CS: a Finite Volume Code for the Computation of Turbulent
Incompressible Flows},
author = {Archambeau, F. and M\'{e}chitoua, N. and Sakiz, M.},
journal = {Industrial Applications, International Journal on Finite},
year = {2004},
volume ={1},
pages = {}
}

% Examples 
@Article{Toto:2000,
title = {Title},
author = {Toto, T.},
journal = {Toto's Journal},
year = {2000},
volume ={99},
pages = {100}
}
@InProceedings{Toto:2000b,
author = {Toto, T.},
title = {Title},
booktitle = {Toto's Conference},
year = {2000}
}
@PhDThesis{Toto:2000c,
title = {Title},
author = {Toto, T},
school = {Toto's University},
year = {2000}
}
@book{Toto:2000d,
author = {Toto, T},
title = {Toto's life},
year = {2000},
publisher= {Toto's compagny}
}

